<record xmlns="http://www.loc.gov/MARC21/slim" xmlns:xsi="http://www.w3.org/2001/XMLSchema-instance" xsi:schemaLocation="http://www.loc.gov/MARC21/slim http://www.loc.gov/standards/marcxml/schema/MARC21slim.xsd"><leader>02264nam a2200445   4500</leader><controlfield tag="001">2236833</controlfield><controlfield tag="003">NNC</controlfield><controlfield tag="006">m        d        </controlfield><controlfield tag="007">cr cn |||m|||a</controlfield><controlfield tag="008">150110m19669999iq      ob    001 0 ara c</controlfield><datafield ind1=" " ind2=" " tag="040"><subfield code="a">NNU</subfield><subfield code="b">eng</subfield><subfield code="e">rda</subfield><subfield code="c">NNU</subfield></datafield><datafield ind1=" " ind2="4" tag="050"><subfield code="a">BP193.1.A2</subfield><subfield code="b">S534</subfield></datafield><datafield ind1="0" ind2="4" tag="082"><subfield code="a">297.124</subfield><subfield code="2">22</subfield></datafield><datafield ind1="1" ind2=" " tag="100"><subfield code="6">880-01</subfield><subfield code="a">Khat&#803;i&#772;b, &#699;Abd al-Zahra&#772;&#700; al-H&#803;usayni&#772;.</subfield></datafield><datafield ind1="1" ind2="0" tag="245"><subfield code="6">880-02</subfield><subfield code="a">Mas&#803;a&#772;dir Nahj al-bala&#772;ghah wa-asa&#772;ni&#772;duh /</subfield><subfield code="c">ta&#700;li&#772;f &#699;Abd al-Zahra&#772;&#700; al-H&#803;usayni&#772; al-Khat&#803;i&#772;b.</subfield></datafield><datafield ind1="1" ind2=" " tag="246"><subfield code="i">Title on back cover:</subfield><subfield code="a">Resources of Nahj al-balaghah and references</subfield></datafield><datafield ind1=" " ind2=" " tag="250"><subfield code="6">880-03</subfield><subfield code="a">al-T&#803;ab&#699;ah 1.</subfield></datafield><datafield ind1=" " ind2=" " tag="260"><subfield code="6">880-04</subfield><subfield code="a">al-Najaf :</subfield><subfield code="b">Mat&#803;ba&#699;at al-Qad&#803;a&#772;&#700;,</subfield><subfield code="c">1966-</subfield></datafield><datafield ind1=" " ind2=" " tag="300"><subfield code="a">online resource (volumes)</subfield></datafield><datafield ind1=" " ind2=" " tag="336"><subfield code="a">text</subfield><subfield code="2">rdacontent</subfield></datafield><datafield ind1=" " ind2=" " tag="337"><subfield code="a">computer</subfield><subfield code="2">rdamedia</subfield></datafield><datafield ind1=" " ind2=" " tag="338"><subfield code="a">online resource</subfield><subfield code="2">rdacarrier</subfield></datafield><datafield ind1=" " ind2=" " tag="500"><subfield code="a">In Arabic.</subfield></datafield><datafield ind1=" " ind2=" " tag="500"><subfield code="a">Part of the Arabic Collections Online (ACO) project, contributed by Columbia University Libraries.</subfield></datafield><datafield ind1=" " ind2=" " tag="504"><subfield code="a">Includes bibliographical references (vol. 4, pages 341-352) and index.</subfield></datafield><datafield ind1=" " ind2=" " tag="533"><subfield code="a">Electronic reproduction.</subfield><subfield code="b">New York, N.Y. :</subfield><subfield code="c">New York University,</subfield><subfield code="d">2015.</subfield><subfield code="5">NNU</subfield></datafield><datafield ind1="1" ind2="0" tag="600"><subfield code="6">880-05</subfield><subfield code="a">Shari&#772;f al-Rad&#803;i&#772;, Muh&#803;ammad ibn al-H&#803;usayn,</subfield><subfield code="d">969 or 970-1016.</subfield><subfield code="t">Nahj al-bala&#772;ghah</subfield><subfield code="v">Bibliography.</subfield></datafield><datafield ind1="0" ind2="7" tag="630"><subfield code="a">Nahj al-bala&#772;ghah (Shari&#772;f al-Rad&#803;i&#772;, Muh&#803;ammad ibn al-H&#803;usayn)</subfield><subfield code="2">fast</subfield><subfield code="0">(OCoLC)fst01368261</subfield></datafield><datafield ind1=" " ind2="7" tag="655"><subfield code="a">Bibliography.</subfield><subfield code="2">fast</subfield><subfield code="0">(OCoLC)fst01423717</subfield></datafield><datafield ind1="2" ind2=" " tag="710"><subfield code="a">Columbia University.</subfield><subfield code="b">Libraries.</subfield></datafield><datafield ind1="0" ind2=" " tag="730"><subfield code="a">Arabic Collections Online.</subfield></datafield><datafield ind1="0" ind2="8" tag="776"><subfield code="i">Print version:</subfield><subfield code="a">Khat&#803;i&#772;b, &#699;Abd al-Zahra&#772;&#700; al-H&#803;usayni&#772;.</subfield><subfield code="t">Mas&#803;a&#772;dir Nahj al-bala&#772;ghah wa-asa&#772;ni&#772;duh</subfield><subfield code="w">(NNC)2236833</subfield><subfield code="w">(DLC)ne 68004287 </subfield><subfield code="w">(OCoLC)14511933</subfield></datafield><datafield ind1="4" ind2="0" tag="856"><subfield code="u">http://hdl.handle.net/2333.1/n2z34whs</subfield></datafield><datafield ind1="1" ind2=" " tag="880"><subfield code="6">100-01</subfield><subfield code="a">&#1582;&#1591;&#1610;&#1576;&#1548; &#1593;&#1576;&#1583; &#1575;&#1604;&#1586;&#1607;&#1585;&#1575;&#1569; &#1575;&#1604;&#1581;&#1587;&#1610;&#1606;&#1610;.</subfield></datafield><datafield ind1="1" ind2="0" tag="880"><subfield code="6">245-02</subfield><subfield code="a">&#1605;&#1589;&#1575;&#1583;&#1585; &#1606;&#1607;&#1580; &#1575;&#1604;&#1576;&#1604;&#1575;&#1594;&#1577; &#1608;&#1575;&#1587;&#1575;&#1606;&#1610;&#1583;&#1607; /</subfield><subfield code="c">&#1578;&#1571;&#1604;&#1610;&#1601; &#1593;&#1576;&#1583; &#1575;&#1604;&#1586;&#1607;&#1585;&#1575;&#1569; &#1575;&#1604;&#1581;&#1587;&#1610;&#1606;&#1610; &#1575;&#1604;&#1582;&#1591;&#1610;&#1576;.</subfield></datafield><datafield ind1=" " ind2=" " tag="880"><subfield code="6">250-03</subfield><subfield code="a">&#1575;&#1604;&#1591;&#1576;&#1593;&#1577; 1.</subfield></datafield><datafield ind1=" " ind2=" " tag="880"><subfield code="6">260-04</subfield><subfield code="a">&#1575;&#1604;&#1606;&#1580;&#1601; :</subfield><subfield code="b">&#1605;&#1591;&#1576;&#1593;&#1577; &#1575;&#1604;&#1602;&#1590;&#1575;&#1569;&#1548;</subfield><subfield code="c">1966-</subfield></datafield><datafield ind1="1" ind2="4" tag="880"><subfield code="6">600-05</subfield><subfield code="a">&#1588;&#1585;&#1610;&#1601; &#1575;&#1604;&#1585;&#1590;&#1610;&#1548; &#1605;&#1581;&#1605;&#1583; &#1576;&#1606; &#1575;&#1604;&#1581;&#1587;&#1610;&#1606;.</subfield></datafield><datafield ind1=" " ind2=" " tag="959"><subfield code="a">NNU</subfield><subfield code="b">WEB</subfield><subfield code="c">GENI</subfield><subfield code="t">0</subfield><subfield code="m">Electronic access</subfield><subfield code="s">01</subfield></datafield><datafield ind1=" " ind2=" " tag="999"><subfield code="i">NNC_2236833</subfield><subfield code="o">(OCoLC)14511933</subfield><subfield code="e">OK</subfield></datafield></record>